@INPROCEEDINGS{ctn:FR1,
 author={Bakhti, Z. and Moghaddam, S.S.},
 booktitle={International Conference on Application of Information and Communication Technologies},
 title={Inter-cell interference coordination with adaptive frequency-reuse for VoIP and data traffic in downlink of 3GPP-LTE},
 year={2010},
 month={Oct},
 pages={1-6},
 keywords={3G mobile communication;Internet telephony;cellular radio;frequency allocation;3GPP-LTE;VoIP traffic;adaptive frequency reuse;adaptive reuse;data traffic;downlink;fractional frequency reuse;inter-cell interference coordination;interference control;packet loss;soft frequency reuse;voice traffic;Adaptation model;Bandwidth;Interference;OFDM;Resource management;Signal to noise ratio;Throughput;Cellular;adaptive;frequency-reuse;interference;ofdma},
 doi={10.1109/ICAICT.2010.5612042},}
